{
  "leader": "03646cam a2200577 a 4500",
  "fields": [
    {
      "001": "ocm28631490\\"
    },
    {
      "003": "OCoLC"
    },
    {
      "005": "20220728125216.0"
    },
    {
      "008": "930726s1993\\\\\\\\enk\\\\\\\\\\\\b\\\\\\\\001\\0ceng\\\\"
    },
    {
      "040": {
        "ind1": "\\",
        "ind2": "\\",
        "subfields": [
          {
            "a": "UKM"
          },
          {
            "b": "eng"
          },
          {
            "c": "UKM"
          },
          {
            "d": "DJB"
          },
          {
            "d": "NLGGC"
          },
          {
            "d": "UX0"
          },
          {
            "d": "YDXCP"
          },
          {
            "d": "GBVCP"
          },
          {
            "d": "OCLCF"
          },
          {
            "d": "OCLCQ"
          },
          {
            "d": "OCLCO"
          },
          {
            "d": "OCL"
          },
          {
            "d": "UAB"
          },
          {
            "d": "EZ9"
          },
          {
            "d": "LVT"
          },
          {
            "d": "OCLCO"
          },
          {
            "d": "OCLCQ"
          },
          {
            "d": "OCLCO"
          }
        ]
      }
    },
    {
      "015": {
        "ind1": "\\",
        "ind2": "\\",
        "subfields": [
          {
            "a": "GB9316650"
          },
          {
            "2": "bnb"
          }
        ]
      }
    },
    {
      "019": {
        "ind1": "\\",
        "ind2": "\\",
        "subfields": [
          {
            "a": "27964670"
          },
          {
            "a": "1200103647"
          },
          {
            "a": "1229755444"
          },
          {
            "a": "1229782807"
          }
        ]
      }
    },
    {
      "020": {
        "ind1": "\\",
        "ind2": "\\",
        "subfields": [
          {
            "a": "0333513622"
          }
        ]
      }
    },
    {
      "020": {
        "ind1": "\\",
        "ind2": "\\",
        "subfields": [
          {
            "a": "9780333513620"
          }
        ]
      }
    },
    {
      "020": {
        "ind1": "\\",
        "ind2": "\\",
        "subfields": [
          {
            "a": "9780230374379"
          }
        ]
      }
    },
    {
      "020": {
        "ind1": "\\",
        "ind2": "\\",
        "subfields": [
          {
            "a": "0230374379"
          }
        ]
      }
    },
    {
      "024": {
        "ind1": "8",
        "ind2": "\\",
        "subfields": [
          {
            "a": "ZBWT00459913"
          }
        ]
      }
    },
    {
      "035": {
        "ind1": "\\",
        "ind2": "\\",
        "subfields": [
          {
            "a": "(OCoLC)28631490"
          },
          {
            "z": "(OCoLC)27964670"
          },
          {
            "z": "(OCoLC)1200103647"
          },
          {
            "z": "(OCoLC)1229755444"
          },
          {
            "z": "(OCoLC)1229782807"
          }
        ]
      }
    },
    {
      "043": {
        "ind1": "\\",
        "ind2": "\\",
        "subfields": [
          {
            "a": "e-uk-en"
          }
        ]
      }
    },
    {
      "050": {
        "ind1": "\\",
        "ind2": "4",
        "subfields": [
          {
            "a": "HB103.A2"
          },
          {
            "b": "Y68 1993"
          }
        ]
      }
    },
    {
      "055": {
        "ind1": "\\",
        "ind2": "3",
        "subfields": [
          {
            "a": "HB 103 A2"
          },
          {
            "b": "Y742 1993"
          }
        ]
      }
    },
    {
      "072": {
        "ind1": "\\",
        "ind2": "7",
        "subfields": [
          {
            "a": "HBTB"
          },
          {
            "x": "1DBK"
          },
          {
            "x": "3JJG"
          },
          {
            "x": "3JJH"
          },
          {
            "x": "3JJP"
          },
          {
            "2": "bicssc"
          }
        ]
      }
    },
    {
      "072": {
        "ind1": "\\",
        "ind2": "7",
        "subfields": [
          {
            "a": "KCA"
          },
          {
            "x": "1DBK"
          },
          {
            "x": "3JJG"
          },
          {
            "x": "3JJH"
          },
          {
            "x": "3JJP"
          },
          {
            "2": "bicssc"
          }
        ]
      }
    },
    {
      "072": {
        "ind1": "\\",
        "ind2": "7",
        "subfields": [
          {
            "a": "HIS"
          },
          {
            "2": "eflch"
          }
        ]
      }
    },
    {
      "082": {
        "ind1": "0",
        "ind2": "4",
        "subfields": [
          {
            "a": "330.071142574"
          },
          {
            "b": "YOU"
          }
        ]
      }
    },
    {
      "049": {
        "ind1": "\\",
        "ind2": "\\",
        "subfields": [
          {
            "a": "NYRV"
          }
        ]
      }
    },
    {
      "100": {
        "ind1": "1",
        "ind2": "\\",
        "subfields": [
          {
            "a": "Young, Warren."
          }
        ]
      }
    },
    {
      "245": {
        "ind1": "1",
        "ind2": "0",
        "subfields": [
          {
            "a": "Oxford economics and Oxford economists /"
          },
          {
            "c": "Warren Young and Frederic S. Lee."
          }
        ]
      }
    },
    {
      "260": {
        "ind1": "\\",
        "ind2": "\\",
        "subfields": [
          {
            "a": "Basingstoke :"
          },
          {
            "b": "Macmillan,"
          },
          {
            "c": "1993."
          }
        ]
      }
    },
    {
      "300": {
        "ind1": "\\",
        "ind2": "\\",
        "subfields": [
          {
            "a": "xiii, 271 pages ;"
          },
          {
            "c": "23 cm"
          }
        ]
      }
    },
    {
      "336": {
        "ind1": "\\",
        "ind2": "\\",
        "subfields": [
          {
            "a": "text"
          },
          {
            "b": "txt"
          },
          {
            "2": "rdacontent"
          }
        ]
      }
    },
    {
      "337": {
        "ind1": "\\",
        "ind2": "\\",
        "subfields": [
          {
            "a": "unmediated"
          },
          {
            "b": "n"
          },
          {
            "2": "rdamedia"
          }
        ]
      }
    },
    {
      "338": {
        "ind1": "\\",
        "ind2": "\\",
        "subfields": [
          {
            "a": "volume"
          },
          {
            "b": "nc"
          },
          {
            "2": "rdacarrier"
          }
        ]
      }
    },
    {
      "504": {
        "ind1": "\\",
        "ind2": "\\",
        "subfields": [
          {
            "a": "Includes bibliographical references (pages 241-264) and index."
          }
        ]
      }
    },
    {
      "506": {
        "ind1": "\\",
        "ind2": "\\",
        "subfields": [
          {
            "a": "Users can print and/or download individual articles/chapters and other individual items from Palgrave Connect ebooks, limited to no more than one chapter per title per authorised user."
          }
        ]
      }
    },
    {
      "520": {
        "ind1": "\\",
        "ind2": "\\",
        "subfields": [
          {
            "a": "This book focuses upon the development of economics at Oxford after the establishment of PPE and the contributions of Oxford economists during the 'years of high theory' and afterwards. Students' recollections of tutorials and lectures, and their tutors and lecturers, along with examination questions and results, amongst other aspects of teaching at Oxford, are presented here for he first time. In addition, the many contributions of Oxford economists such as Harrod, Allen, Andrews, Hicks, Meade, Richardson and Steindl, including the staff of the Oxford Institute of Statistics, along with the story of the Institute itself, are dealt with. Unpublished correspondence, memoranda and papers are collected at various archives are cited to show that Oxford's contribution to the development of economics was equal to that of Cambridge."
          }
        ]
      }
    },
    {
      "650": {
        "ind1": "\\",
        "ind2": "0",
        "subfields": [
          {
            "a": "Economics"
          },
          {
            "z": "England"
          },
          {
            "z": "Oxford"
          },
          {
            "x": "History"
          },
          {
            "y": "20th century."
          }
        ]
      }
    },
    {
      "650": {
        "ind1": "\\",
        "ind2": "0",
        "subfields": [
          {
            "a": "Economics"
          },
          {
            "x": "Study and teaching"
          },
          {
            "z": "England"
          },
          {
            "z": "Oxford."
          }
        ]
      }
    },
    {
      "650": {
        "ind1": "\\",
        "ind2": "0",
        "subfields": [
          {
            "a": "Economists"
          },
          {
            "z": "England"
          },
          {
            "z": "Oxford."
          }
        ]
      }
    },
    {
      "650": {
        "ind1": "\\",
        "ind2": "7",
        "subfields": [
          {
            "a": "Economics."
          },
          {
            "2": "fast"
          },
          {
            "0": "(OCoLC)fst00902116"
          }
        ]
      }
    },
    {
      "650": {
        "ind1": "\\",
        "ind2": "7",
        "subfields": [
          {
            "a": "Economics"
          },
          {
            "x": "Study and teaching."
          },
          {
            "2": "fast"
          },
          {
            "0": "(OCoLC)fst00902224"
          }
        ]
      }
    },
    {
      "650": {
        "ind1": "\\",
        "ind2": "7",
        "subfields": [
          {
            "a": "Economists."
          },
          {
            "2": "fast"
          },
          {
            "0": "(OCoLC)fst00902277"
          }
        ]
      }
    },
    {
      "651": {
        "ind1": "\\",
        "ind2": "7",
        "subfields": [
          {
            "a": "England"
          },
          {
            "z": "Oxford."
          },
          {
            "2": "fast"
          },
          {
            "0": "(OCoLC)fst01205511"
          }
        ]
      }
    },
    {
      "648": {
        "ind1": "\\",
        "ind2": "7",
        "subfields": [
          {
            "a": "1900-1999"
          },
          {
            "2": "fast"
          }
        ]
      }
    },
    {
      "655": {
        "ind1": "\\",
        "ind2": "7",
        "subfields": [
          {
            "a": "History."
          },
          {
            "2": "fast"
          },
          {
            "0": "(OCoLC)fst01411628"
          }
        ]
      }
    },
    {
      "700": {
        "ind1": "1",
        "ind2": "\\",
        "subfields": [
          {
            "a": "Lee, Frederic S."
          }
        ]
      }
    },
    {
      "856": {
        "ind1": "4",
        "ind2": "\\",
        "subfields": [
          {
            "u": "https://fsso.springer.com/federation/init?entityId=https%3A%2F%2Felibrary.exeter.ac.uk%2Fidp%2Fshibboleth&returnUrl=https://link.springer.com/10.1057/9780230374379"
          },
          {
            "z": "Available online via Springer E-books. Please select find institution via Shibboleth and log in using your Exeter IT login, if prompted."
          }
        ]
      }
    },
    {
      "856": {
        "ind1": "4",
        "ind2": "\\",
        "subfields": [
          {
            "u": "https://liverpool.idm.oclc.org/login?url=http://www.palgraveconnect.com/doifinder/10.1057/9780230374379"
          },
          {
            "z": "<img src=\"/screens/gifs/go4.gif\" alt=\"Go button\" border=\"0\" width=\"21\" height=\"21\" hspace=\"7\" align=\"middle\"> View this e-book online"
          }
        ]
      }
    },
    {
      "856": {
        "ind1": "4",
        "ind2": "2",
        "subfields": [
          {
            "u": "http://libanswers.liverpool.ac.uk/faq/182315"
          },
          {
            "z": "Reading advice (software, printing, accessibility, privacy)"
          }
        ]
      }
    },
    {
      "999": {
        "ind1": "\\",
        "ind2": "\\",
        "subfields": [
          {
            "a": "00000000019743"
          }
        ]
      }
    },
    {
      "994": {
        "ind1": "\\",
        "ind2": "\\",
        "subfields": [
          {
            "a": "C0"
          },
          {
            "b": "NYRVC"
          }
        ]
      }
    }
  ]
}